@misc{openni:about,
   author = "{OpenNi}",
   title = "{About OpenNi}",
   year = "{2012}",
   url = "{http://www.openni.org/About.aspx}",
   note = "{[Online; accessed 30-June-2012]}"
 }
 
 @misc{willowgarage:opencv,
   author = "{OpenCV}",
   title = "{About OpenCV}",
   year = "{2012}",
   url = "{http://opencv.org/about.html}",
   note = "{[Online; accessed 30-June-2012]}"
 }
 
  @misc{willowgarage:ros,
   author = "{ROS.org}",
   title = "{ROS}",
   year = "{2012}",
   url = "{http://www.ros.org/wiki/ROS}",
   note = "{[Online; accessed 30-June-2012]}"
 }
 
 @misc{willowgarage:rostutorials,
   author = "{ROS.org}",
   title = "{ROS Tutorials}",
   year = "{2012}",
   url = "{http://www.ros.org/wiki/ROS/Tutorials}",
   note = "{[Online; accessed 30-June-2012]}"
 }
 
 @TechReport{anderson_mva11,
  author = 	 "{Robert Anderson, Bj√∂rn Stenger, Roberto Cipolla}",
  title = 	 "{Augmenting Depth Output Using Photometric Stereo}",
  institution =  "{University of Cambridge}",
  year = 	 "{2011}",
}
 

  @TechReport{JMFSIGDC,
  author = 	 "{Sang-Beom Lee and Yo-Sung Ho}",
  title = 	 "{Joint Multilateral Filtering for Stereo Image Generation using Depth Camera}",
  institution =  "{Gwangju Institute of Science and Technology (GIST)}",
  year = 	 "{2011}",
}

  @TechReport{kinectinpainting,
  author = 	 "{?}",
  title = 	 "{Kinect Depth Inpainting and Filtering}",
  institution =  "{Georgia Tech}",
  year = 	 "{2011}",
  url = "http://www.radfordparker.com/papers/kinectinpainting.pdf"
}

  @TechReport{gc2011berdnikov,
  author = 	 "{Yuriy Berdnikov, Dmitriy Vatolin}",
  title = 	 "{Real-Time Depth Map Occlusion Filling and Scene Background Restoration for Projected-Pattern-Based Depth Cameras}",
  institution =  "{Moscow State University}",
  year = 	 "{2010}",
}


 
 
 
 
 
 
 
 
 
 